
       
        [% ELSIF object.type == 'collection' -%]
        <record>
    <leader>99999ntc         ia </leader>
    <controlfield tag="008">040320u9999    xx            000 0 eng d</controlfield>
    <datafield tag="040" ind1=" " ind2=" ">
      <subfield code="a">TFW</subfield>
      <subfield code="e">DACS</subfield>
      <subfield code="c">TFW</subfield>
    </datafield>
        <datafield tag="041" ind1=" " ind2=" ">
        [% FOR language IN object.languages -%]<subfield code="a">[% language -%]</subfield> [% END -%]
    </datafield>
            <datafield tag="099" ind1=" " ind2=" ">
                <subfield code="a">[% object.number -%]</subfield>
            </datafield>
            [% FOR rcrs IN object.collection_primary_record_contexts -%]
            [% FOR rcr IN rcrs.record_context -%]
            [% IF rcr.rc_type == 'person' || rcr.rc_type == 'family' -%]
                <datafield tag="100" ind1="1" ind2=" ">
                  <subfield code="a">[% rcr.name_entry %]</subfield>
                  <subfield code="d">[% generate_rcrdate(object) -%]</subfield>
                </datafield>
            [% ELSE -%]
                <datafield tag="110" ind1="2" ind2=" ">
                  <subfield code="a">[% rcr.name_entry %]</subfield>
                  <subfield code="d">[% generate_rcrdate(object) -%]</subfield>
                </datafield>
            [% END -%]
            [% END -%]
            [% END -%]
    <datafield tag="245" ind1="1" ind2="0">
      <subfield code="a">[% object.title %]</subfield>
      <subfield code="f">[% generate_collectiondate(object) %]</subfield>
      [% IF object.bulk_date_from -%]<subfield code="g">[% generate_collectionbulkdate(object) -%]</subfield>[% END -%]
    </datafield>
            <datafield tag="300" ind1=" " ind2=" ">
                <subfield code="a">[% object.extent -%]</subfield>
            </datafield>
            <datafield tag="351" ind1=" " ind2=" ">
                <subfield code="a">[% object.organization -%]</subfield>
            </datafield>
    <datafield tag="506" ind1=" " ind2=" ">
      <subfield code="a">[% IF object.processing_status == 'minimal' OR object.processing_status == 'partial' -%]
        This collection may require review before it is available for use. Please contact DCA for further details.
     [% ELSE -%]   
        [% IF object.restrictions == 'none' -%]
            This collection is open for research.
        [% ELSIF object.restrictions == 'some' -%]
            This collection contains some restricted material. Specific restrictions are noted in the Detailed Contents List in each series.
        [% ELSE -%]
            Access to this collection is restricted. See the DCA's General Policy on Access for more information about access to restricted records.
        [% END -%]
     [% END -%]   </subfield>
    </datafield>
    <datafield tag="520" ind1=" " ind2=" ">
      <subfield code="a">[% remove_html(object.scope) %]</subfield>
    </datafield>
        [% IF object.history -%]
            <datafield tag="541" ind1=" " ind2=" ">
                <subfield code="a">[% remove_html(object.history) -%]</subfield>
            </datafield>
        [% END -%]
[% FOR rcrs IN object.collection_primary_record_contexts -%]
[% FOR rcr IN rcrs.record_context -%]
    <datafield tag="545" ind1=" " ind2=" ">
      <subfield code="a">[% remove_html(rcr.history) %]</subfield>
    </datafield>
    <datafield tag="555" ind1="1" ind2=" ">
        <subfield code="a">Finding aid: [% object.permanent_url -%]</subfield>
    </datafield>
    
       [% FOR subject IN object.subjects -%]
       <datafield tag="6xx" ind1=" " ind2=" ">
     <subfield code="a">[% subject -%]</subfield>
     </datafield>
     [% END -%]
        [% FOR rcrs IN object.collection_secondary_record_contexts -%]
            [% FOR rcr IN rcrs.record_context -%]
            [% IF rcr.rc_type == 'person' || rcr.rc_type == 'family' -%]
                <datafield tag="700" ind1="1" ind2=" ">
                  <subfield code="a">[% rcr.name_entry %]</subfield>
                  <subfield code="d">[% generate_rcrdate(object) -%]</subfield>
                </datafield>
            [% ELSE -%]
                <datafield tag="=710" ind1="2" ind2=" ">
                  <subfield code="a">[% rcr.name_entry %]</subfield>
                  <subfield code="d">[% generate_rcrdate(object) -%]</subfield>
                </datafield>
            [% END -%]
            [% END -%]
            [% END -%]
    
            <datafield tag="856" ind1="4" ind2="2">
                <subfield code="3">[% object.title %]</subfield>
                <subfield code="u">[% object.permanent_url -%]</subfield>
            </datafield>
[% END -%]
[% END -%]
  </record>
        [% END -%]

    

[% END -%]
    
   </marc:collection>
